@book{russell2009artificial,
  title={{Artificial Intelligence: A Modern Approach}},
  author={Russell Stuart \and Norvig Peter},
  volume={1},
  year={2009},
  publisher={Prentice Hall}
}

@book{jackson1999introduction,
  title={Introduction to {Expert Systems International Computer Science Series}},
  author={Jackson, Peter},
  year={1998},
  publisher={Addison-Wesley Pub Co, ISBN}
}

@article{forgy1982rete,
  title={Rete: A fast algorithm for the many pattern/many object pattern match problem},
  author={Forgy, Charles L},
  journal={Artificial intelligence},
  volume={19},
  number={1},
  pages={17--37},
  year={1982},
  publisher={Elsevier}
}

@phdthesis{doorenbos1995production,
  title={Production matching for large learning systems},
  author={Doorenbos, Robert B},
  year={1995},
  school={University of Southern California}
}

@misc{cis587,
  title={{CIS587}: {The} {RETE} {Algorithm}.\\\url{http://www.cis.temple.edu/~giorgio/cis587/readings/rete.html}},
  author={Giorgio Ingargiola},
  journal={http://www.cis.temple.edu/~giorgio/cis587/readings/rete.html}
}


@article{minton1990quantitative,
  title={Quantitative results concerning the utility of explanation-based learning},
  author={Minton, Steven},
  journal={Artificial Intelligence},
  volume={42},
  number={2},
  pages={363--391},
  year={1990},
  publisher={Elsevier}
}
